@book{buschmann:1996,
  title = {Pattern-Oriented Software Architecture},
  publisher = {Wiley},
  year = {1996},
  author = {Frank Buschmann and Regine Meunier and Hans Rohnert and Peter Sommerlad and Michael Stal}
}

@misc{xavier:2013,
  title = {O que \'e arquitetura de software},
  publisher = {Globalcode},
  year = {2013},
  author = {Kleber Xavier},
  timestamp = {2013.11.27},
  url = {http://blog.globalcode.com.br/2013/11/o-que-e-arquitetura-de-software.html},
  urlaccessdate = {20 de setembro de 2015}
}

@misc{macoratti:2013,
  title = {.NET - Definindo a arquitetura de um projeto de software},
  publisher = {iMasters},
  year = {2013},
  author = {José Carlos Macoratti},
  timestamp = {2013.01.31},
  url = {http://imasters.com.br/framework/dotnet/net-definindo-a-arquitetura-de-um-projeto-de-software/},
  urlaccessdate = {20 de setembro de 2015}
}

@misc{tiobe:2015,
  title = {TIOBE Programming Community Index},
  publisher = {Tiobe},
  year = {2015},
  author = {Tiobe},
  timestamp = {2015.09.20},
  url = {http://www.tiobe.com/index.php/content/paperinfo/tpci/index.html},
  urlaccessdate = {20 de setembro de 2015}
}

@book{caelum:2015,
  title = {Java para desenvolvimento web},
  publisher = {Caelum},
  year = {2015},
  author = {Caelum}
}

@misc{franzini:2013,
  title = {Listagem de frameworks Java},
  publisher = {iMasters},
  year = {2015},
  author = {Fernando Franzini},
  timestamp = {2013.02.21},
  url = {http://imasters.com.br/linguagens/java/listagem-de-frameworks-java/},
  urlaccessdate = {22 de setembro de 2015}
}

@misc{pitanga:2015,
  title = {JavaServer Faces: A mais nova tecnologia Java para desenvolvimento WEB },
  publisher = {Grupo de Usu\'arios Java - GUJ},
  year = {2015},
  author = {Talita Pitanga},
  timestamp = {2015.01.02},
  url = {http://www.guj.com.br/content/articles/jsf/jsf.pdf},
  urlaccessdate = {22 de setembro de 2015}
}

@book{coelho:2013,
  title = {JSF Eficaz},
  publisher = {Casa do C\'odigo},
  year = {2013},
  author = {H\'ebert Coelho}
}

@misc{oracle:2011,
  title = {JavaEE 6 Docs},
  publisher = {Oracle Corporation},
  year = {2011},
  author = {Oracle},
  timestamp = {2011.02.10},
  url = {http://docs.oracle.com/javaee/6/api/javax/servlet/Servlet.html},
  urlaccessdate = {23 de setembro de 2015}
}

@misc{lopes:2012,
  title = {Use CDI no seu pr\'oximo projeto Java},
  publisher = {Caelum},
  year = {2012},
  author = {S\'ergio Lopes},
  timestamp = {2012.05.23},
  url = {http://blog.caelum.com.br/use-cdi-no-seu-proximo-projeto-java/},
  urlaccessdate = {24 de setembro de 2015}
}

@misc{medeiros:2012,
  title = {Introdu{\c{c}}ão a JPA - Java Persistence API},
  publisher = {Devmedia},
  year = {2006},
  author = {Higor Medeiros},
  timestamp = {2006.03.01},
  url = {http://www.devmedia.com.br/introducao-a-jpa-java-persistence-api/28173},
  urlaccessdate = {24 de setembro de 2015}
}

@misc{durand:2014,
  title = {Bean Validation: Practical Examples from a Real-World Java EE 7 Application},
  publisher = {Harvard University},
  year = {2014},
  author = {Gustavo Durand and Stephen Kraffmiller},
  timestamp = {2014.09.29},
  url = {http://datascience.iq.harvard.edu/presentations/bean-validation-practical-examples-real-world-java-ee-7-application},
  urlaccessdate = {24 de setembro de 2015}
}

@book{evans:2009,
  title = {Domain Driven Design: Atacando as Complexidades no Coracao do Software},
  author = {Eric Evans},
  isbn = {9788576085041},
  year = {2009},
  publisher = {Alta Books}
}

@misc{cukier:2010,
  title = {DDD: Introducao a Domain Driven Design},
  year = {2010},
  author = {Daniel Cukier},
  timestamp = {2016.07.16},
  url = {http://www.agileandart.com/2010/07/16/ddd-introducao-a-domain-driven-design/},
  urlaccessdate = {19 de dezembro de 2015}
}

@misc{gregorio:2015,
  title = {Do Spring para o JEE},
  year = {2015},
  author = {Arthur Gregorio},
  url = {http://arthurgregorio.eti.br/blog/programacao/do-spring-para-o-jee/},
  urlaccessdate = {21 de dezembro de 2015}
}

@misc{oracle:2015,
  title = {JavaServer Faces Technology},
  year = {2015},
  author = {Oracle},
  url = {http://www.oracle.com/technetwork/java/javaee/javaserverfaces-139869.html},
  urlaccessdate = {21 de dezembro de 2015}
}

@misc{baxter:2010,
  title = {Spring to Java EE: A Migration Experience},
  year = {2010},
  author = {Lincoln Baxter},
  url = {http://www.ocpsoft.org/java/spring-to-java-ee-a-migration-guide-cdi-jsf-jpa-jta-ejb/},
  urlaccessdate = {21 de dezembro de 2015}
}