@book{buschmann1996,
  title = {Pattern-Oriented Software Architecture},
  publisher = {Wiley},
  year = {1996},
  author = {Frank Buschmann and Regine Meunier and Hans Rohnert and Peter Sommerlad and Michael Stal}
}

@misc{xavier2013,
  title = {O que e arquitetura de software},
  publisher = {Globalcode},
  year = {2013},
  author = {Kleber Xavier},
  timestamp = {2013.11.27},
  url = {http://blog.globalcode.com.br/2013/11/o-que-e-arquitetura-de-software.html},
  urlaccessdate = {20 de setembro de 2015}
}

@misc{macoratti2013,
  title = {.NET - Definindo a arquitetura de um projeto de software},
  publisher = {iMasters},
  year = {2013},
  author = {Jos√© Carlos Macoratti},
  timestamp = {2013.01.31},
  url = {http://imasters.com.br/framework/dotnet/net-definindo-a-arquitetura-de-um-projeto-de-software/},
  urlaccessdate = {20 de setembro de 2015}
}
